<collection xmlns="http://www.loc.gov/MARC21/slim">
<record>
  <leader>03395nam0a2200589 i 450 </leader>
  <controlfield tag="001">IT\ICCU\CNCE\017630</controlfield>
  <controlfield tag="005">20030922000000.0</controlfield>
  <datafield tag="012" ind1=" " ind2=" ">
    <subfield code="a">teme edo, o-am clga (3) 1586 (R)</subfield>
    <subfield code="2">fei</subfield>
  </datafield>
  <datafield tag="100" ind1=" " ind2=" ">
    <subfield code="a">19970101d1586        0itac0103    ba</subfield>
  </datafield>
  <datafield tag="101" ind1=" " ind2=" ">
    <subfield code="a">LAT</subfield>
  </datafield>
  <datafield tag="102" ind1=" " ind2=" ">
    <subfield code="a">IT</subfield>
  </datafield>
  <datafield tag="200" ind1="1" ind2=" ">
    <subfield code="a">De medica historia mirabili libri sex. Marcello Donato serenissimi Mantuae et Montisferrati principis a secretis &amp; consiliario authore. Opus varia lectione refertum medicis, non solum vtile, sed &amp; caeteris bonarum artium studiosis pergratum futurum. Cum duplici indice</subfield>
  </datafield>
  <datafield tag="210" ind1=" " ind2=" ">
    <subfield code="a">Mantuae</subfield>
    <subfield code="c">per Franciscum Osanam</subfield>
    <subfield code="d">1586</subfield>
  </datafield>
  <datafield tag="215" ind1=" " ind2=" ">
    <subfield code="a">\10!, 96, 185-312 c.</subfield>
    <subfield code="d">4ʻ</subfield>
  </datafield>
  <datafield tag="620" ind1=" " ind2=" ">
    <subfield code="a">IT</subfield>
    <subfield code="d">Mantova</subfield>
  </datafield>
  <datafield tag="700" ind1=" " ind2="1">
    <subfield code="a">Donati,</subfield>
    <subfield code="b">Marcello</subfield>
    <subfield code="3">IT\ICCU\CNCA\004903</subfield>
  </datafield>
  <datafield tag="712" ind1="0" ind2="0">
    <subfield code="a">Osanna, Francesco</subfield>
    <subfield code="3">IT\ICCU\CNCT\000504</subfield>
    <subfield code="4">650</subfield>
  </datafield>
  <datafield tag="790" ind1=" " ind2="1">
    <subfield code="a">Donato,</subfield>
    <subfield code="b">Marcello</subfield>
    <subfield code="3">IT\ICCU\CNCA\015334</subfield>
    <subfield code="z">Donati, Marcello</subfield>
  </datafield>
  <datafield tag="790" ind1=" " ind2="1">
    <subfield code="a">Donatus,</subfield>
    <subfield code="b">Marcellus</subfield>
    <subfield code="3">IT\ICCU\CNCA\018520</subfield>
    <subfield code="z">Donati, Marcello</subfield>
  </datafield>
  <datafield tag="790" ind1=" " ind2="0">
    <subfield code="a">Segreto</subfield>
    <subfield code="3">IT\ICCU\CNCA\018521</subfield>
    <subfield code="z">Donati, Marcello</subfield>
  </datafield>
  <datafield tag="791" ind1="0" ind2="0">
    <subfield code="a">Osanna, Francesco Bernardino</subfield>
    <subfield code="3">IT\ICCU\CNCT\002263</subfield>
    <subfield code="z">Osanna, Francesco</subfield>
  </datafield>
  <datafield tag="791" ind1="0" ind2="0">
    <subfield code="a">Osana, Franciscus</subfield>
    <subfield code="3">IT\ICCU\CNCT\005166</subfield>
    <subfield code="z">Osanna, Francesco</subfield>
  </datafield>
  <datafield tag="791" ind1="0" ind2="0">
    <subfield code="a">Osana, Francesco Bernardino</subfield>
    <subfield code="3">IT\ICCU\CNCT\005167</subfield>
    <subfield code="z">Osanna, Francesco</subfield>
  </datafield>
  <datafield tag="801" ind1=" " ind2="3">
    <subfield code="a">IT</subfield>
    <subfield code="b">ICCU</subfield>
    <subfield code="c">20201114</subfield>
  </datafield>
  <datafield tag="899" ind1=" " ind2=" ">
    <subfield code="a">Biblioteca civica Romolo Spezioli. Fermo</subfield>
    <subfield code="1">AP0012</subfield>
    <subfield code="2">UMC FM</subfield>
  </datafield>
  <datafield tag="899" ind1=" " ind2=" ">
    <subfield code="a">Biblioteca universitaria. Bologna</subfield>
    <subfield code="1">BO0098</subfield>
    <subfield code="2">UBO BU</subfield>
  </datafield>
  <datafield tag="899" ind1=" " ind2=" ">
    <subfield code="a">Biblioteca comunale dell&apos;Archiginnasio. Bologna</subfield>
    <subfield code="1">BO0304</subfield>
    <subfield code="2">UBO GA</subfield>
  </datafield>
  <datafield tag="899" ind1=" " ind2=" ">
    <subfield code="a">Biblioteca civica Queriniana. Brescia</subfield>
    <subfield code="1">BS0026</subfield>
    <subfield code="2">ZBS 01</subfield>
  </datafield>
  <datafield tag="899" ind1=" " ind2=" ">
    <subfield code="a">Biblioteca provinciale Angelo Camillo De Meis. Chieti</subfield>
    <subfield code="z">MUTILO</subfield>
    <subfield code="1">CH0020</subfield>
    <subfield code="2">ABR ME</subfield>
  </datafield>
  <datafield tag="899" ind1=" " ind2=" ">
    <subfield code="a">Biblioteca Apostolica Vaticana. Citt ̉del Vaticano</subfield>
    <subfield code="1">EX0001</subfield>
    <subfield code="2">ZCV 01</subfield>
  </datafield>
  <datafield tag="899" ind1=" " ind2=" ">
    <subfield code="a">Biblioteca comunale Aurelio Saffi. Forl</subfield>
    <subfield code="1">FC0018</subfield>
    <subfield code="2">RAV FO</subfield>
  </datafield>
  <datafield tag="899" ind1=" " ind2=" ">
    <subfield code="a">Biblioteca Riccardiana. Firenze</subfield>
    <subfield code="1">FI0094</subfield>
    <subfield code="2">CFI RF</subfield>
  </datafield>
  <datafield tag="899" ind1=" " ind2=" ">
    <subfield code="a">Biblioteca universitaria. Genova</subfield>
    <subfield code="1">GE0038</subfield>
    <subfield code="2">LIG 01</subfield>
  </datafield>
  <datafield tag="899" ind1=" " ind2=" ">
    <subfield code="a">Biblioteca nazionale Braidense. Milano</subfield>
    <subfield code="1">MI0185</subfield>
    <subfield code="2">MIL NB</subfield>
  </datafield>
  <datafield tag="899" ind1=" " ind2=" ">
    <subfield code="a">Biblioteca storica di medicina dell&apos;Ospedale Maggiore di Milano. Milano</subfield>
    <subfield code="1">MI0837</subfield>
    <subfield code="2">ZMI 48</subfield>
  </datafield>
  <datafield tag="899" ind1=" " ind2=" ">
    <subfield code="a">Biblioteca del Centro APICE - Archivi della parola, dell&apos;immagine e della comunicazione editoriale dell&apos;Universit ̉degli studi di Milano. Milano</subfield>
    <subfield code="1">MI1289</subfield>
    <subfield code="2">USM S6</subfield>
  </datafield>
  <datafield tag="899" ind1=" " ind2=" ">
    <subfield code="a">Biblioteca comunale Teresiana. Mantova</subfield>
    <subfield code="1">MN0035</subfield>
    <subfield code="2">LO1 12</subfield>
  </datafield>
  <datafield tag="899" ind1=" " ind2=" ">
    <subfield code="a">Biblioteca dell&apos;Archivio di Stato. Fondo antico dell&apos;Azienda ospedaliera Carlo Poma. Mantova</subfield>
    <subfield code="1">MN0039</subfield>
    <subfield code="2">ZMN 06</subfield>
  </datafield>
  <datafield tag="899" ind1=" " ind2=" ">
    <subfield code="a">Biblioteca comunale Passerini Landi. Piacenza</subfield>
    <subfield code="1">PC0030</subfield>
    <subfield code="2">PIA PL</subfield>
  </datafield>
  <datafield tag="899" ind1=" " ind2=" ">
    <subfield code="a">Biblioteca civica. Padova</subfield>
    <subfield code="1">PD0090</subfield>
    <subfield code="2">PUV 55</subfield>
  </datafield>
  <datafield tag="899" ind1=" " ind2=" ">
    <subfield code="a">Biblioteca universitaria. Padova</subfield>
    <subfield code="1">PD0158</subfield>
    <subfield code="2">PUV 00</subfield>
  </datafield>
  <datafield tag="899" ind1=" " ind2=" ">
    <subfield code="a">Biblioteca comunale. Assisi</subfield>
    <subfield code="1">PG0001</subfield>
    <subfield code="2">UM1 10</subfield>
  </datafield>
  <datafield tag="899" ind1=" " ind2=" ">
    <subfield code="a">Biblioteca Palatina. Parma</subfield>
    <subfield code="1">PR0072</subfield>
    <subfield code="2">PAR PA</subfield>
  </datafield>
  <datafield tag="899" ind1=" " ind2=" ">
    <subfield code="a">Biblioteca medica statale. Roma</subfield>
    <subfield code="1">RM0263</subfield>
    <subfield code="2">RML 05</subfield>
  </datafield>
  <datafield tag="899" ind1=" " ind2=" ">
    <subfield code="a">Biblioteca nazionale centrale. Roma</subfield>
    <subfield code="1">RM0267</subfield>
    <subfield code="2">BVE CR</subfield>
  </datafield>
  <datafield tag="899" ind1=" " ind2=" ">
    <subfield code="a">Biblioteca Casanatense. Roma</subfield>
    <subfield code="1">RM0313</subfield>
    <subfield code="2">RML 07</subfield>
  </datafield>
  <datafield tag="899" ind1=" " ind2=" ">
    <subfield code="a">Biblioteca comunale Marco Gatti. Manduria</subfield>
    <subfield code="1">TA0008</subfield>
    <subfield code="2">TA1 22</subfield>
  </datafield>
  <datafield tag="899" ind1=" " ind2=" ">
    <subfield code="a">Biblioteca comunale. Ala</subfield>
    <subfield code="1">TN0001</subfield>
    <subfield code="2">ZTN 05</subfield>
  </datafield>
  <datafield tag="899" ind1=" " ind2=" ">
    <subfield code="a">Biblioteca civica Girolamo Tartarotti. Rovereto</subfield>
    <subfield code="1">TN0103</subfield>
    <subfield code="2">ZTN 08</subfield>
  </datafield>
  <datafield tag="899" ind1=" " ind2=" ">
    <subfield code="a">Biblioteca comunale. Trento</subfield>
    <subfield code="1">TN0121</subfield>
    <subfield code="2">ZTN 01</subfield>
  </datafield>
  <datafield tag="899" ind1=" " ind2=" ">
    <subfield code="a">Biblioteca nazionale universitaria. Torino</subfield>
    <subfield code="1">TO0265</subfield>
    <subfield code="2">TO0 02</subfield>
  </datafield>
  <datafield tag="899" ind1=" " ind2=" ">
    <subfield code="a">Biblioteca del Seminario vescovile. Vicenza</subfield>
    <subfield code="1">VI0101</subfield>
    <subfield code="2">PBE D1</subfield>
  </datafield>
</record>
</collection>
